@article{1996The,
	title={{The Codebreakers}},
	author={ Kahn, D. },
	journal={New York: Scribner's},
	year={1967},
}

@book{katz2020introduction,
	title={Introduction to modern cryptography},
	author={Katz, Jonathan and Lindell, Yehuda},
	year={2020},
	address = {London},
	publisher={CRC press}
}

@book{stinson2018cryptography,
	title={Cryptography: theory and practice},
	author={Stinson, Douglas Robert and Paterson, Maura},
	year={2018},
	address = {London},
	publisher={CRC press}
}

@article{baiyanlin,
	title={穿越时空的秘密——二战中的美军密码机(下)},
	author={白炎林},
	journal={兵器},
	number={5},
	pages={24-28},
	year={2005},
}

@book{buchmann2013introduction,
	title={Introduction to cryptography},
	author={Buchmann, Johannes},
	year={2013},
	address = {Berlin/Heidelberg},
	publisher={Springer Science \& Business Media}
}

@book{shinaier,
	title={{应用密码学:协议、算法与C源程序}},
	author={施奈尔 and 吴世忠},
	publisher={机械工业出版社},
	address =	{北京},
	year={2000},
}

@article{des1977,
	author={Diffie, W. and Hellman, M.E.},
	journal={Computer}, 
	title={{Special Feature Exhaustive Cryptanalysis of the NBS Data Encryption Standard}}, 
	year={1977},
	pages={74--84}
}

@article{standard2001announcing,
	title={{Announcing the advanced encryption standard (AES)}},
	author={Standard, NIST-FIPS},
	journal={Federal Information Processing Standards Publication},
	pages={1--51},
	year={2001}
}

@inproceedings{lai1990proposal,
	title={A proposal for a new block encryption standard},
	author={Lai, Xuejia and Massey, James L},
	booktitle = {Advances in Cryptology EUROCRYPT 1990},
	pages={389--404},
	year={1990},
	organization={Springer}
}

@article{diffie1976new,
	title={New directions in cryptography},
	author={Diffie, Whitfield and Hellman, Martin},
	journal={IEEE transactions on Information Theory},
	volume={22},
	number={6},
	pages={644--654},
	year={1976},
	publisher={IEEE}
}

@article{rivest1978method,
	title={A method for obtaining digital signatures and public-key cryptosystems},
	author={Rivest, Ronald L and Shamir, Adi and Adleman, Leonard},
	journal={Communications of the ACM},
	pages={120--126},
	year={1978}
}

@article{elgamal1985public,
	title={A public key cryptosystem and a signature scheme based on discrete logarithms},
	author={ElGamal, Taher},
	journal={IEEE transactions on information theory},
	pages={469--472},
	year={1985},
	publisher={IEEE}
}

@article{johnson2001elliptic,
	title={{The elliptic curve digital signature algorithm (ECDSA)}},
	author={Johnson, Don and Menezes, Alfred and Vanstone, Scott},
	journal={International journal of information security},
	pages={36--63},
	year={2001},
	publisher={Springer}
}

@book{menezes2018handbook,
	title={Handbook of applied cryptography},
	author={Menezes, Alfred J and Van Oorschot, Paul C and Vanstone, Scott A},
	year={2018},
	address = {London},
	publisher={CRC press}
}

@article{steane1998quantum,
	title={Quantum computing},
	author={Steane, Andrew},
	journal={Reports on Progress in Physics},
	pages={117},
	year={1998},
	publisher={IOP Publishing}
}

@incollection{bernstein2009introduction,
	title={Introduction to post-quantum cryptography},
	author={Bernstein, Daniel J},
	booktitle={Post-quantum cryptography},
	pages={1--14},
	year={2009},
	address = {Berlin},
	publisher={Springer}
}

@article{shannon1949communication,
	title={Communication theory of secrecy systems},
	author={Shannon, Claude E},
	journal={The Bell system technical journal},
	pages={656--715},
	year={1949},
	publisher={Nokia Bell Labs}
}

@article{shor2000simple,
	title={{Simple proof of security of the BB84 quantum key distribution protocol}},
	author={Shor, Peter W and Preskill, John},
	journal={Physical review letters},
	pages={441},
	year={2000}
}

@article{bb84first,
	title={{Quantum Cryptography: Public Key Distribution and Coin Tossing}},
	author={C. H. Bennett and G. Grassard},
	pages={175--179},
	year={1984},
	journal={Proceedings of IEEE International Conference on	Computers, Systems, and Signal Processing}
}

@article{gisin2002quantum,
	title={Quantum cryptography},
	author={Gisin, Nicolas and Ribordy, Gr{\'e}goire and Tittel, Wolfgang and Zbinden, Hugo},
	journal={Reviews of modern physics},
	pages={145},
	year={2002}
}

@article{xu2020secure,
	title={Secure quantum key distribution with realistic devices},
	author={Xu, Feihu and Ma, Xiongfeng and Zhang, Qiang and Lo, Hoi-Kwong and Pan, Jian-Wei},
	journal={Reviews of Modern Physics},
	pages={025002},
	year={2020},
	publisher={APS}
}

@article{pirandola2020advances,
	title={Advances in quantum cryptography},
	author={Pirandola, Stefano and Andersen, Ulrik L and Banchi, Leonardo and Berta, Mario and Bunandar, Darius and Colbeck, Roger and Englund, Dirk and Gehring, Tobias and Lupo, Cosmo and Ottaviani, Carlo and others},
	journal={Advances in Optics and Photonics},
	pages={1012--1236},
	year={2020}
}

@incollection{maes2013physically,
	title={{Physically unclonable functions: Properties}},
	author={Maes, Roel},
	booktitle={Physically Unclonable Functions},
	pages={49--80},
	year={2013},
	address = {Berlin},
	publisher={Springer}
}

@article{bennett1992experimental,
	title={Experimental quantum cryptography},
	author={Bennett, Charles H and Bessette, Fran{\c{c}}ois and Brassard, Gilles and Salvail, Louis and Smolin, John},
	journal={Journal of cryptology},
	pages={3--28},
	year={1992},
	publisher={Springer}
}

@article{Pappu2002Physical,
	title={{Physical One-Way Functions}},
	author={Pappu and Ravikanth and Recht and Ben and Taylor and Jason and Gershenfeld and Neil},
	journal={Science},
	year={2002},
}

@article{gassend2002,
	author = {Gassend, Blaise and Clarke, Dwaine and van Dijk, Marten and Devadas, Srinivas},
	title = {{Silicon Physical Random Functions}},
	year = {2002},
	journal = {Association for Computing Machinery},
	pages = {148--160}
}

@book{halak2018physically,
	title={{Physically Unclonable Functions: From Basic Design Principles to Advanced Hardware Security Applications}},
	author={Halak, Basel},
	year={2018},
	address = {Berlin},
	publisher={Springer}
}

@article{wu2020experimental,
	title={An experimental demonstration of long-haul public-channel key distribution using matched superlattice physical unclonable function pairs},
	author={Wu, Han and Yin, Zhizhen and Tong, Xinhai and Ding, Peng and Xie, Jianguo and Wang, Liubao and Liu, Peihua and Song, Helun and Chen, Xiaoming and Xu, Liwei and others},
	journal={Science Bulletin},
	pages={879--882},
	year={2020}
}

@article{xie2021high,
	title={High throughput error correction in information reconciliation for semiconductor superlattice secure key distribution},
	author={Xie, Jianguo and Wu, Han and Xia, Chao and Ding, Peng and Song, Helun and Xu, Liwei and Chen, Xiaoming},
	journal={Scientific Reports},
	volume={11},
	number={1},
	pages={1--9},
	year={2021},
	publisher={Nature Publishing Group}
}

@article{liu2018secret,
	title={A secret key distribution technique based on semiconductor superlattice chaos devices},
	author={Liu, Wei and Yin, Zhizhen and Chen, Xiaoming and Peng, Zhenyun and Song, Helun and Liu, Peihua and Tong, Xinhai and Zhang, Yaohui},
	journal={Science Bulletin},
	pages={1034--1036},
	year={2018}
}

@phdthesis{liuboliangzi,
	title={星地量子保密通信安全密钥提取关键技术研究},
	author={刘博},
	school={国防科学技术大学},
	address = {长沙},
	year={2017}
}

@phdthesis{wu2021phd,
	title={超晶格密钥分发技术研究与系统实现},
	author={吴涵},
	school={中国科学技术大学},
	address = {合肥},
	year={2021}
}

@article{alvaro2014noise,
	title={Noise-enhanced spontaneous chaos in semiconductor superlattices at room temperature},
	author={Alvaro, M and Carretero, M and Bonilla, LL},
	journal={EPL (Europhysics Letters)},
	volume={107},
	number={3},
	pages={37002},
	year={2014},
	publisher={IOP Publishing}
}

@article{li2013fast,
	title={Fast physical random-number generation based on room-temperature chaotic oscillations in weakly coupled superlattices},
	author={Li, Wen and Reidler, Igor and Aviad, Yaara and Huang, Yuyang and Song, Helong and Zhang, Yaohui and Rosenbluh, Michael and Kanter, Ido},
	journal={Physical review letters},
	volume={111},
	number={4},
	pages={044102},
	year={2013},
	publisher={APS}
}

@article{yin2017noise,
	title={Noise-enhanced chaos in a weakly coupled GaAs/(Al, Ga) As superlattice},
	author={Yin, Zhizhen and Song, Helun and Zhang, Yaohui and Ruiz-Garc{\'\i}a, Miguel and Carretero, Manuel and Bonilla, Luis L and Biermann, Klaus and Grahn, Holger T},
	journal={Physical Review E},
	volume={95},
	number={1},
	pages={012218},
	year={2017},
	publisher={APS}
}

@article{mompo2018coherence,
	title={Coherence resonance and stochastic resonance in an excitable semiconductor superlattice},
	author={Mompo, Emanuel and Ruiz-Garcia, Miguel and Carretero, Manuel and Grahn, Holger T and Zhang, Yaohui and Bonilla, Luis L},
	journal={Physical review letters},
	volume={121},
	number={8},
	pages={086805},
	year={2018},
	publisher={APS}
}

@inproceedings{dodis2004fuzzy,
	title={Fuzzy extractors: How to generate strong keys from biometrics and other noisy data},
	author={Dodis, Yevgeniy and Reyzin, Leonid and Smith, Adam},
	booktitle={International conference on the theory and applications of cryptographic techniques},
	pages={523--540},
	year={2004},
	organization={Springer}
}

@article{bennett1995generalized,
	title={Generalized privacy amplification},
	author={Bennett, Charles H and Brassard, Gilles and Cr{\'e}peau, Claude and Maurer, Ueli M},
	journal={IEEE Transactions on Information theory},
	volume={41},
	number={6},
	pages={1915--1923},
	year={1995},
	publisher={IEEE}
}

@article{carter1979universal,
	title={Universal classes of hash functions},
	author={Carter, J Lawrence and Wegman, Mark N},
	journal={Journal of computer and system sciences},
	volume={18},
	number={2},
	pages={143--154},
	year={1979},
	publisher={Elsevier}
}

@book{gray2011entropy,
	title={Entropy and information theory},
	author={Gray, Robert M},
	year={2011},
	address = {Berlin/Heidelberg},
	publisher={Springer Science \& Business Media}
}

@book{zhuxue2001,
	title={{应用信息论基础}},
	author={朱雪龙},
	publisher={清华大学出版社},
	address =	{北京},
	year={2001},
}

@book{lin2001error,
	title={Error control coding},
	author={Lin, Shu and Costello, Daniel J},
	volume={2},
	number={4},
	year={2001},
	address =	{New Jersey},
	publisher={Prentice hall New York}
}

@book{ryan2009channel,
	title={Channel codes: classical and modern},
	author={Ryan, William and Lin, Shu},
	year={2009},
	address =	{London},
	publisher={Cambridge university press}
}

@article{kschischang2001factor,
	title={Factor graphs and the sum-product algorithm},
	author={Kschischang, Frank R and Frey, Brendan J and Loeliger, H-A},
	journal={IEEE Transactions on information theory},
	volume={47},
	number={2},
	pages={498--519},
	year={2001},
	publisher={IEEE}
}

@article{gallager1962low,
	title={Low-density parity-check codes},
	author={Gallager, Robert},
	journal={IRE Transactions on information theory},
	volume={8},
	number={1},
	pages={21--28},
	year={1962},
	publisher={IEEE}
}

@article{haastad1999pseudorandom,
	title={A pseudorandom generator from any one-way function},
	author={H{\aa}stad, Johan and Impagliazzo, Russell and Levin, Leonid A and Luby, Michael},
	journal={SIAM Journal on Computing},
	volume={28},
	number={4},
	pages={1364--1396},
	year={1999},
	publisher={SIAM}
}

@article{arikan2011systematic,
	title={Systematic polar coding},
	author={Arikan, Erdal},
	journal={IEEE communications letters},
	volume={15},
	number={8},
	pages={860--862},
	year={2011},
	publisher={IEEE}
}

@inproceedings{krawczyk1994lfsr,
	title={LFSR-based hashing and authentication},
	author={Krawczyk, Hugo},
	booktitle={Annual International Cryptology Conference},
	pages={129--139},
	year={1994},
	organization={Springer}
}

@article{zhang2022adaptive,
	title={Adaptive-time Synchronization Algorithm for Semiconductor Superlattice Key Distribution},
	author={Zhang, Chengyi and Xie, Jianguo},
	journal={International Journal of Advanced Computer Technology},
	volume={11},
	number={1},
	pages={6--10},
	year={2022}
}

@article{brassard1993secret,
	title={Secret-key reconciliation by public discussion},
	author={Brassard, Gilles and Salvail, Louis},
	booktitle={Workshop on the Theory and Application of of Cryptographic Techniques},
	pages={410--423},
	year={1993},
	publisher={Springer}
}

@article{jouguet2012high, 
	author = {Jouguet, Paul and Kunz-Jacques, Sebastien}, 
	title = {{High Performance Error Correction for Quantum Key Distribution Using Polar Codes}}, 
	year = {2014}, 
	publisher = {Rinton Press, Incorporated},  
	journal = {{Quantum Info. Comput.}}
}

@article{2018Quasi,
	title={{Quasi-cyclic multi-edge LDPC codes for long-distance quantum cryptography}},
	author={ Milicevic, Mario  and  Feng, Chen  and  Zhang, Lei M  and  Gulak, P. Glenn },
	journal={npj Quantum Information},
	volume={4},
	number={1},
	pages={21},
	year={2018},
}

@article{esaki1970superlattice,
	title={Superlattice and negative differential conductivity in semiconductors},
	author={Esaki, Leo and Tsu, Ray},
	journal={IBM Journal of Research and Development},
	volume={14},
	number={1},
	pages={61--65},
	year={1970},
	publisher={IBM}
}

@article{chang1974resonant,
	title={Resonant tunneling in semiconductor double barriers},
	author={Chang, L\_L and Esaki, Leo and Tsu, R},
	journal={Applied physics letters},
	volume={24},
	number={12},
	pages={593--595},
	year={1974},
	publisher={American Institute of Physics}
}

@article{esaki1974new,
	title={New transport phenomenon in a semiconductor" Superlattice"},
	author={Esaki, L and Chang, LL},
	journal={Physical Review Letters},
	volume={33},
	number={8},
	pages={495},
	year={1974},
	publisher={APS}
}

@article{huangkun1991,
	title={半导体超晶格和微结构},
	author={黄昆},
	journal={物理学报},
	volume={20},
	number={6},
	year={1991}
}

@article{limpert2006extended,
	title={Extended single-mode photonic crystal fiber lasers},
	author={Limpert, J and Schmidt, O and Rothhardt, J and R{\"o}ser, F and Schreiber, T and and T{\"u}nnermann, A and Ermeneux, S and Yvernault, P and Salin, F},
	journal={Optics express},
	volume={14},
	number={7},
	pages={2715--2720},
	year={2006},
	publisher={Optical Society of America}
}

@article{hall1962coherent,
	title={Coherent light emission from GaAs junctions},
	author={Hall, Robert N and Fenner, Gunther E and Kingsley, JD and Soltys, TJ and Carlson, RO},
	journal={Physical Review Letters},
	volume={9},
	number={9},
	pages={366},
	year={1962},
	publisher={APS}
}

@article{zhang1996synchronization,
	title={Synchronization and chaos induced by resonant tunneling in GaAs/AlAs superlattices},
	author={Zhang, Yaohui and Kastrup, J{\"o}rg and Klann, Robert and Ploog, Klaus H and Grahn, Holger T},
	journal={Physical review letters},
	volume={77},
	number={14},
	pages={3001},
	year={1996},
	publisher={APS}
}

@article{huang2012experimental,
	title={Experimental observation of spontaneous chaotic current oscillations in $\rm GaAs/Al_{0.45}Ga_{0.55}As$ superlattices at room temperature},
	author={Huang, YuYang and Li, Wen and Ma, WenQuan and Qin, Hua and Zhang, YaoHui},
	journal={Chinese Science Bulletin},
	volume={57},
	number={17},
	pages={2070--2072},
	year={2012},
	publisher={Springer}
}

@article{chen2020,
	title={超晶格密码的研究进展},
	author={童新海 and 陈小明 and 徐述},
	journal={科学通报},
	pages={10-18},
	year={2020},
}

@article{li2015chaos,
	title={Chaos synchronization in networks of semiconductor superlattices},
	author={Li, Wen and Aviad, Yaara and Reidler, Igor and Song, Helun and Huang, Yuyang and Biermann, Klaus and Rosenbluh, Michael and Zhang, Yaohui and Grahn, Holger T and Kanter, Ido},
	journal={EPL (Europhysics Letters)},
	year={2015},
	publisher={IOP Publishing}
}

@article{dagum1998openmp,
	title={OpenMP: an industry standard API for shared-memory programming},
	author={Dagum, Leonardo and Menon, Ramesh},
	journal={IEEE computational science and engineering},
	volume={5},
	number={1},
	pages={46--55},
	year={1998},
	publisher={IEEE}
}

@article{cho2009efficient,
	title={Efficient software-based encoding and decoding of BCH codes},
	author={Cho, Junho and Sung, Wonyong},
	journal={IEEE Transactions on Computers},
	volume={58},
	number={7},
	pages={878--889},
	year={2009},
	publisher={IEEE}
}

@inproceedings{jun2005optimized,
	title={Optimized design for high-speed parallel BCH encoder},
	author={Jun, Zhang and Zhi-Gong, Wang and Qing-Sheng, Hu and Jie, Xiao},
	booktitle={Proceedings of 2005 IEEE International Workshop on VLSI Design and Video Technology, 2005.},
	pages={97--100},
	year={2005},
	organization={IEEE}
}

@book{gropp1999using,
	title={Using MPI: portable parallel programming with the message-passing interface},
	author={Gropp, William and Gropp, William D and Lusk, Ewing and Skjellum, Anthony and Lusk, Argonne Distinguished Fellow Emeritus Ewing},
	volume={1},
	year={1999},
	address = {Massachusetts},
	publisher={MIT press}
}

@article{wang2018high,
	title={High speed error correction for continuous-variable quantum key distribution with multi-edge type LDPC code},
	author={Wang, Xiangyu and Zhang, Yichen and Yu, Song and Guo, Hong},
	journal={Scientific reports},
	volume={8},
	number={1},
	pages={1--7},
	year={2018},
	publisher={Nature Publishing Group}
}

@inproceedings{kang2014cryptographie,
	title={Cryptographie key generation from PUF data using efficient fuzzy extractors},
	author={Kang, Hyunho and Hori, Yohei and Katashita, Toshihiro and Hagiwara, Manabu and Iwamura, Keiichi},
	booktitle={16th International conference on advanced communication technology},
	pages={23--26},
	year={2014},
	organization={IEEE}
}

@standard{turan2018recommendation,
	title={Recommendation for the entropy sources used for random bit generation},
	author={Turan, Meltem S{\"o}nmez and Barker, Elaine and Kelsey, John and McKay, Kerry A and Baish, Mary L and Boyle, Mike and others},
	journal={NIST Special Publication},
	volume={800},
	number={90B},
	pages={102},
	address={Maryland},
	year={2018}
}

@standard{rukhin2001statistical,
	title={A statistical test suite for random and pseudorandom number generators for cryptographic applications},
	author={Rukhin, Andrew and Soto, Juan and Nechvatal, James and Smid, Miles and Barker, Elaine},
	year={2001},
	address={Maryland},
	publisher={National Institute of Standards \& Technology}
}

@article{zhao2005implementation,
	title={On implementation of min-sum algorithm and its modifications for decoding low-density parity-check (LDPC) codes},
	author={Zhao, Jianguang and Zarkeshvari, Farhad and Banihashemi, Amir H},
	journal={IEEE transactions on communications},
	volume={53},
	number={4},
	pages={549--554},
	year={2005},
	publisher={IEEE}
}

@article{mackay1996near,
	title={Near Shannon limit performance of low density parity check codes},
	author={MacKay, David JC and Neal, Radford M},
	journal={Electronics letters},
	volume={32},
	number={18},
	pages={1645},
	year={1996},
	publisher={IET}
}







